@article{hillar2013most,
  title={Most tensor problems are NP-hard},
  author={Hillar, Christopher J and Lim, Lek-Heng},
  journal={Journal of the ACM (JACM)},
  volume={60},
  number={6},
  pages={1--39},
  year={2013},
  publisher={ACM New York, NY, USA}
}

@incollection{kruskal1989rank,
  title={Rank, decomposition, and uniqueness for 3-way and N-way arrays},
  author={Kruskal, Joseph B},
  booktitle={Multiway data analysis},
  pages={7--18},
  year={1989}
}